@inproceedings{biggio2011support,
  title={Support vector machines under adversarial label noise},
  author={Biggio, Battista and Nelson, Blaine and Laskov, Pavel},
  booktitle={Asian Conference on Machine Learning},
  pages={97--112},
  year={2011}
}
@article{xiao2015support,
  title={Support vector machines under adversarial label contamination},
  author={Xiao, Huang and Biggio, Battista and Nelson, Blaine and Xiao, Han and Eckert, Claudia and Roli, Fabio},
  journal={Neurocomputing},
  volume={160},
  pages={53--62},
  year={2015},
  publisher={Elsevier}
}